<record type="Bibliographic"><leader>     cam a         r4500</leader><controlfield tag="001">1783264</controlfield><controlfield tag="005">20171020151659.0</controlfield><controlfield tag="008">011211s1994    sw |||||||||||000 d|swe| </controlfield><datafield ind1=" " ind2=" " tag="020"><subfield code="a">91-1-943251-8</subfield><subfield code="c">95:00</subfield></datafield><datafield ind1=" " ind2=" " tag="035"><subfield code="9">9119432518</subfield></datafield><datafield ind1=" " ind2=" " tag="041"><subfield code="a">swe</subfield><subfield code="h">grc</subfield></datafield><datafield ind1=" " ind2=" " tag="042"><subfield code="9">NB</subfield><subfield code="9">SEE</subfield></datafield><datafield ind1=" " ind2=" " tag="084"><subfield code="a">Hce(s)</subfield><subfield code="2">kssb/6</subfield></datafield><datafield ind1=" " ind2=" " tag="084"><subfield code="a">Hoa.02(s)=c</subfield><subfield code="2">kssb/6</subfield></datafield><datafield ind1=" " ind2=" " tag="084"><subfield code="a">Hceoa.02(s)</subfield><subfield code="2">kssb/6</subfield></datafield><datafield ind1=" " ind2=" " tag="084"><subfield code="a">Hce(s)</subfield><subfield code="2">sab</subfield></datafield><datafield ind1=" " ind2=" " tag="084"><subfield code="a">Hoa.02=c(s)</subfield><subfield code="2">sab</subfield></datafield><datafield ind1="0" ind2="0" tag="245"><subfield code="a">Litteraturens klassiker i urval och översättning /</subfield><subfield code="c">redigerad av Lennart Breitholtz.</subfield><subfield code="p">Grekisk litteratur,</subfield><subfield code="p">Dramatik</subfield><subfield code="n">D. 2</subfield></datafield><datafield ind1=" " ind2="1" tag="264"><subfield code="a">Stockholm</subfield><subfield code="b">Norstedt</subfield><subfield code="c">1994</subfield></datafield><datafield ind1=" " ind2="3" tag="264"><subfield code="a">Södertälje</subfield><subfield code="b">Fingraf</subfield></datafield><datafield ind1=" " ind2=" " tag="300"><subfield code="a">302, [2] s.</subfield></datafield><datafield ind1=" " ind2=" " tag="730"><subfield code="a">Grekisk litteratur</subfield></datafield><datafield ind1=" " ind2=" " tag="730"><subfield code="a">Dramatik</subfield></datafield><datafield ind1=" " ind2=" " tag="730"><subfield code="a">Litteraturens klassiker</subfield></datafield><datafield ind1=" " ind2=" " tag="772"><subfield code="b">Nyutg.</subfield><subfield code="c">[huvudredaktör: Lennart Breitholtz]</subfield><subfield code="d">Stockholm : Norstedt, 1994-</subfield><subfield code="t">Litteraturens klassiker i urval och översättning</subfield><subfield code="w">9918666811</subfield><subfield code="9">02</subfield></datafield><datafield ind1="0" ind2="0" tag="772"><subfield code="7">nn</subfield><subfield code="t">Litteraturens klassiker i urval och översättning</subfield><subfield code="c">[huvudredaktör: Lennart Breitholtz]</subfield><subfield code="b">Nyutg.</subfield><subfield code="d">Stockholm : Norstedt, 1994-</subfield><subfield code="w">9918666811</subfield><subfield code="9">02</subfield></datafield><datafield ind1=" " ind2=" " tag="887"><subfield code="a">{"@id":"s93q05j437dkx5v","modified":"2017-10-20T15:16:59.7+02:00","checksum":"31307930942"}</subfield><subfield code="2">librisxl</subfield></datafield></record>
